@misc{BadPackets:online,
    author = {},
    title = {Over 14,500 Pulse Secure VPN endpoints vulnerable to CVE-2019-11510 â€“ Bad Packets},
    howpublished = {\url{https://badpackets.net/over-14500-pulse-secure-vpn-endpoints-vulnerable-to-cve-2019-11510/}},
    month = {},
    year = {},
    note = {(Accessed on 05/10/2021)}
}
@misc{Heise:online,
    author = {},
    title = {Jetzt patchen! Attacken auf VPN-Server mit Pulse Connect Secure | heise online},
    howpublished = {\url{https://www.heise.de/security/meldung/Jetzt-patchen-Attacken-auf-VPN-Server-mit-Pulse-Connect-Secure-4506605.html}},
    month = {},
    year = {},
    note = {(Accessed on 05/10/2021)}
}
@misc{Tenable1:online,
    author = {},
    title = {CVE-2019-11510: Critical Pulse Connect Secure Vulnerability Used in Sodinokibi Ransomware Attacks - Blog | Tenable},
    howpublished = {\url{https://de.tenable.com/blog/cve-2019-11510-critical-pulse-connect-secure-vulnerability-used-in-sodinokibi-ransomware}},
    month = {},
    year = {},
    note = {(Accessed on 05/10/2021)}
}
@misc{Tenable2:online,
    author = {},
    title = {CVE-2019-11510: Proof of Concept Available for Arbitrary File Disclosure in Pulse Connect Secure - Blog | Tenable},
    howpublished = {\url{https://de.tenable.com/blog/cve-2019-11510-proof-of-concept-available-for-arbitrary-file-disclosure-in-pulse-connect-secure}},
    month = {},
    year = {},
    note = {(Accessed on 05/10/2021)}
}
@misc{BlackHatPresentation:online,
    author = {},
    title = {Infiltrating Corporate Intranet Like NSA - Pre-auth RCE on Leading SSL VPNs},
    howpublished = {\url{https://i.blackhat.com/USA-19/Wednesday/us-19-Tsai-Infiltrating-Corporate-Intranet-Like-NSA.pdf}},
    month = {},
    year = {},
    note = {(Accessed on 05/10/2021)}
}
@misc{CWE22-Definition:online,
    author = {},
    title = {CWE - CWE-22: Improper Limitation of a Pathname to a Restricted Directory ('Path Traversal') (4.4)},
    howpublished = {\url{http://cwe.mitre.org/data/definitions/22.html}},
    month = {},
    year = {},
    note = {(Accessed on 05/10/2021)}
}
@misc{NVDCVE:online,
    author = {},
    title = {NVD - CVE-2019-11510},
    howpublished = {\url{https://nvd.nist.gov/vuln/detail/CVE-2019-11510}},
    month = {},
    year = {},
    note = {(Accessed on 05/10/2021)}
}
@misc{OWASP-PathTraversal:online,
    author = {},
    title = {Path Traversal | OWASP},
    howpublished = {\url{https://owasp.org/www-community/attacks/Path_Traversal}},
    month = {},
    year = {},
    note = {(Accessed on 05/10/2021)}
}