@online{population:online,
	author = {Worldbank},
	title = {World - total population 2009-2019 | Statista},
	url = {https://www.statista.com/statistics/805044/total-population-worldwide/},
	urldate = {2021-04-28}
}